@article{fastdt,
  author = "Frank Y.Shih* and Yi-Ta Wu",
  year = "2002",
  title= "Fast Euclidean distance transformation in two scans using a 3 X 3 neihborhood",
  journal= "Computer Vision and Image Understanding",
  volume = "93",
  pages = "195-205"
}
@article{ridgedt,
  author = "Carlo Arcelli and Gabriella Sanniti di Baja",
  year = "1992",
  title= "Ridge points in Euclidean distance maps",
  journal= "Pattern Recognition Letters",
  volume = "13",
  pages = "237-243"
}
@article{dtresearch,
  author = "Gunilla Borgefors",
  year = "1986",
  title= "Distance Transformation in Digital Images",
  journal= "Computer Vision, Graphics and Image Processing",
  volume = "34",
  pages = "344-371"
}
@article{dtresearch2,
  author = "Pedro F. Felzenszwalb and Daniel P. Huttenlocher",
  year = "2004",
  title= "Distance Transforms of Sampled Functions",
  journal= "Cornell Computing and Information Science Technical Report" 
}
@article{dt14,
  author = "Vytautas Perlibakas",
  year = "2003",
  title= "Distance measures for PCA-based face recognition",
  journal= "Patter Recognition Letters",
  volume="25",
  pages="711-724"
}

@article{thinning,
  author = "T.Y. Zhang and C.Y. Suen",
  year = "1984",
  title= "A Fast Parallel algorithm for Thinning Digital Patterns",
  journal= "Image Processing and Computer Vision",
  volume="27",
  pages="235-239"
}

@article{eucskeleton,
  author = "Frank Y. Shih and Christopher C.PU",
  year = "1994",
  title= "A Skeletonization Algorithm by Maxima tracking on euclidean distance transform",
  journal= "Pattern Recognition",
  volume="28",
  pages="331"
}

@article{thressurvey,
  author = "Frank Y. Shih and Christopher C.PU",
  year = "1994",
  title= "A Skeletonization Algorithm by Maxima tracking on euclidean distance transform",
  journal= "Pattern Recognition",
  volume="28",
  pages="331"
}

@book{soille,
    author    = "Pierre Soille",
    title     = "Morphological Image Analysis",
    year      = "2002",
    publisher = "Springer",
    address   = "EC Joint Research Centre, Italy"
}

@article{thres,
  author = "Mehmet Sezgin and Bulent Sankur",
  year = "2004",
  title= "Survey over image thresholding techniques and quantitative performance evaluation",
  journal= "Journal of Electronic Imaging",
  volume="13",
  pages="146-165"
}

@MISC{web:thresholding,
      AUTHOR = "Wikipedia",
      TITLE = "Thresholding(image processing)",
      MONTH = "June",
      YEAR = 2010,
      HOWPUBLISHED = "\url{http://en.wikipedia.org/wiki/Thresholding_(image_processing)}"
}

@book{shapiro,
    author    = "Shapiro, Linda G. and Stockman, George C.",
    title     = "Computer Vision",
    year      = "2002",
    publisher = "Prentice Hall",
}

@article{matchingbook,
  author = "Remco C. Veltkamp and Michiel Hagedoorn",
  year = "2001",
  title= "State-of-the-Art in Shape Matching",
  journal= "Principles of visual information retrieval.-(Advances in pattern recognition)",
  volume="2",
  pages="87-112"
}

@MISC{matching2,
AUTHOR ="Remco C. Veltkamp",
TITLE = "Shape Matching: Similarity Measures and Algorithms",
HOWPUBLISHED = "Dept. Computing Science, Utrecht University"
}

@article{snakes,
author = "Michael Kass, Andrew Witkin and Demetri Terzopoulos",
year = "1988",
title = "Snakes: Active Contour Models",
journal = "International Journal of Computer Vision",
pages ="321-333"
}

@MISC{deformable2,
      AUTHOR = "Thomas Albrecht, Marcel Luthi,Thomas Vetter",
      TITLE = "Deformable Models",
      HOWPUBLISHED ="gravis.cs.unibas.ch/publications/CH_Deformable_Models09.pdf"
}

